<record><leader>00000cas a2200000 a 4500</leader><controlfield tag="001">25423111</controlfield><controlfield tag="008">920310d19071974iluwr ne      0   a0eng c</controlfield><datafield ind1=" " ind2=" " tag="010"><subfield code="a">sn 92053803 </subfield></datafield><datafield ind1=" " ind2=" " tag="040"><subfield code="a">NVF</subfield><subfield code="b">eng</subfield><subfield code="c">NVF</subfield><subfield code="d">OCLCQ</subfield><subfield code="d">NVF</subfield><subfield code="d">OCLCF</subfield><subfield code="d">OCLCO</subfield><subfield code="d">NVF</subfield></datafield><datafield ind1=" " ind2=" " tag="042"><subfield code="a">pcc</subfield></datafield><datafield ind1=" " ind2=" " tag="043"><subfield code="a">n-us-il</subfield></datafield><datafield ind1="0" ind2="4" tag="245"><subfield code="a">The Patoka register.</subfield></datafield><datafield ind1=" " ind2=" " tag="260"><subfield code="a">Patoka, Ill. :</subfield><subfield code="b">G. Huntoon &amp; Co.</subfield></datafield><datafield ind1=" " ind2=" " tag="300"><subfield code="a">v. ;</subfield><subfield code="c">15 x 22 cm.</subfield></datafield><datafield ind1=" " ind2=" " tag="310"><subfield code="a">Weekly</subfield></datafield><datafield ind1="0" ind2=" " tag="362"><subfield code="a">-v. 66, no. 29 (Mar. 21, 1974).</subfield></datafield><datafield ind1="1" ind2=" " tag="362"><subfield code="a">Began in 1907.</subfield></datafield><datafield ind1=" " ind2=" " tag="530"><subfield code="a">Preservation microfilmed by the University of Illinois at Urbana-Champaign Library as part of the United States Newspaper Program; the years 1907-1966 (on 14 microfilm reels) are available for purchase from OCLC Preservation Service Centers.</subfield></datafield><datafield ind1=" " ind2=" " tag="580"><subfield code="a">Merged with: Tri-community reporter, to form: Register (Sandoval, Ill.).</subfield></datafield><datafield ind1=" " ind2=" " tag="588"><subfield code="a">Description based on: Vol. 1, no. 3 (Nov. 15, 1907).</subfield></datafield><datafield ind1=" " ind2="0" tag="651"><subfield code="a">Patoka (Ill.)</subfield><subfield code="v">Newspapers.</subfield></datafield><datafield ind1=" " ind2="7" tag="651"><subfield code="a">Illinois</subfield><subfield code="z">Patoka.</subfield><subfield code="2">fast</subfield><subfield code="0">(OCoLC)fst01883497</subfield></datafield><datafield ind1=" " ind2="7" tag="655"><subfield code="a">Newspapers.</subfield><subfield code="2">fast</subfield><subfield code="0">(OCoLC)fst01423814</subfield></datafield><datafield ind1=" " ind2=" " tag="752"><subfield code="a">United States</subfield><subfield code="b">Illinois</subfield><subfield code="c">Marion County</subfield><subfield code="d">Patoka.</subfield></datafield><datafield ind1="1" ind2="7" tag="785"><subfield code="t">Tri-community reporter</subfield><subfield code="w">(DLC)sn 92053804</subfield><subfield code="w">(OCoLC)25423179</subfield></datafield><datafield ind1="1" ind2="7" tag="785"><subfield code="t">Register (Sandoval, Ill.)</subfield><subfield code="w">(DLC)sn 92053805</subfield><subfield code="w">(OCoLC)25423277</subfield></datafield></record>